<?xml version="1.0" encoding="UTF-8"?><collection xmlns="http://www.loc.gov/MARC21/slim"><record><leader>00708nam--2200193-i-4500</leader><controlfield tag="001">000018543</controlfield><controlfield tag="002">20161230</controlfield><controlfield tag="005">20170118004718</controlfield><controlfield tag="008">060222s1000------------r-----000-0-rum-d</controlfield><datafield ind1=" " ind2=" " tag="040"><subfield code="a">IFIN-HH</subfield></datafield><datafield ind1=" " ind2=" " tag="041"><subfield code="a">rum</subfield></datafield><datafield ind1=" " ind2=" " tag="080"><subfield code="a">513(076)</subfield></datafield><datafield ind1="1" ind2=" " tag="100"><subfield code="a">Ghinsburg, V. L</subfield></datafield><datafield ind1="1" ind2="0" tag="245"><subfield code="a">Culegere de probleme de fizica generala. Partea a doua. Optica. Fizica moleculara si termodinamica. Fizica atomica si nucleara</subfield><subfield code="b">Traducere din limba rusa dupa editia a doua imbunatatita</subfield><subfield code="c">V.L. Ghinsburg, L.M. Levin, M.S. Rabinovici, D.V. Sivuhin, E.S. Cetverikocaci</subfield></datafield><datafield ind1=" " ind2=" " tag="260"><subfield code="a">Bucuresti</subfield><subfield code="b">Editura Tehnica</subfield><subfield code="c">1962</subfield></datafield><datafield ind1=" " ind2=" " tag="300"><subfield code="a">446 p.+Planse</subfield></datafield><datafield ind1="1" ind2=" " tag="700"><subfield code="a">Cetverikovaci, E. S</subfield></datafield><datafield ind1=" " ind2=" " tag="852"><subfield code="a">8059</subfield><subfield code="c">53</subfield></datafield><datafield ind1=" " ind2=" " tag="CAT"><subfield code="a">SYS</subfield><subfield code="c">20170118</subfield><subfield code="h">004718</subfield></datafield></record></collection>